<?xml version="1.0" encoding="UTF-8"?><collection xmlns="http://www.loc.gov/MARC21/slim"><record><leader>00807nam--2200205-i-4500</leader><controlfield tag="001">000030864</controlfield><controlfield tag="002">20161230</controlfield><controlfield tag="005">20161230201038</controlfield><controlfield tag="008">060222s1000------------r-----000-0-eng-d</controlfield><datafield ind1=" " ind2=" " tag="020"><subfield code="a">0444005978</subfield></datafield><datafield ind1=" " ind2=" " tag="040"><subfield code="a">IFIN-HH</subfield></datafield><datafield ind1=" " ind2=" " tag="080"><subfield code="a">539.143.43:539.124.143</subfield></datafield><datafield ind1="1" ind2=" " tag="100"><subfield code="a">Kaufmann, E.N</subfield></datafield><datafield ind1="1" ind2="0" tag="245"><subfield code="a">Nuclear and electron resonance spectroscopies applied to materials sciences</subfield><subfield code="b">Volume 3 materials research society symposia proceedings. proceedings of the materials research society annual meeting, november 1980, copley plaza hotel, boston, massachusetts, usa</subfield><subfield code="c">E.n. kaufmann, g.k. shenoy (eds.)</subfield></datafield><datafield ind1=" " ind2=" " tag="260"><subfield code="a">New York</subfield><subfield code="b">North-holland</subfield><subfield code="c">1981</subfield></datafield><datafield ind1=" " ind2=" " tag="300"><subfield code="a">558P</subfield></datafield><datafield ind1=" " ind2=" " tag="490"><subfield code="a">Materials Research Society Symposia Proceedings</subfield></datafield><datafield ind1="1" ind2=" " tag="700"><subfield code="a">Shenoy, G.K</subfield><subfield code="e">Ed</subfield></datafield><datafield ind1=" " ind2=" " tag="852"><subfield code="a">48226</subfield><subfield code="c">539</subfield></datafield><datafield ind1=" " ind2=" " tag="CAT"><subfield code="a">Sys</subfield><subfield code="c">20111012</subfield><subfield code="h">140542</subfield></datafield></record></collection>